%% This BibTeX bibliography file was created using BibDesk.
%% http://bibdesk.sourceforge.net/

%% Created for Stephanie Knill at 2015-11-24 22:50:25 -0800 


%% Saved with string encoding Unicode (UTF-8) 



@book{ref:pouty,
	Author = {XiaoMei},
	Date-Added = {2015-11-25 06:49:18 +0000},
	Date-Modified = {2015-11-25 06:50:25 +0000},
	Edition = {2},
	Number = {1},
	Publisher = {Sichuan Publishing},
	Title = {Poopy Pouty Pandas},
	Volume = {3},
	Year = {1993}}

@article{ref:panda,
	Author = {Stephanie Knill},
	Date-Added = {2015-11-25 06:14:27 +0000},
	Date-Modified = {2015-11-25 06:15:18 +0000},
	Journal = {Panda Sex},
	Number = {1},
	Pages = {50-100},
	Title = {I Love Pandas},
	Volume = {3},
	Year = {2015}}
